<?xml version="1.0" encoding="UTF-8"?><record xmlns="http://www.loc.gov/MARC21/slim" xmlns:cinclude="http://apache.org/cocoon/include/1.0" xmlns:zs="http://www.loc.gov/zing/srw/">
  <leader>00452nz  a2200145n  4500</leader>
  <controlfield tag="001">n 2013029628</controlfield>
  <controlfield tag="003">DLC</controlfield>
  <controlfield tag="005">20130525075047.0</controlfield>
  <controlfield tag="008">130524n| azannaabn          |b aaa      </controlfield>
  <datafield tag="010" ind1=" " ind2=" ">
    <subfield code="a">n 2013029628</subfield>
  </datafield>
  <datafield tag="040" ind1=" " ind2=" ">
    <subfield code="a">DLC</subfield>
    <subfield code="b">eng</subfield>
    <subfield code="c">DLC</subfield>
    <subfield code="e">rda</subfield>
  </datafield>
  <datafield tag="100" ind1="1" ind2=" ">
    <subfield code="a">Pei, Jiaqi</subfield>
  </datafield>
  <datafield tag="400" ind1="1" ind2=" ">
    <subfield code="a">裴家騏</subfield>
  </datafield>
  <datafield tag="667" ind1=" " ind2=" ">
    <subfield code="a">Non-Latin script reference not evaluated</subfield>
  </datafield>
  <datafield tag="670" ind1=" " ind2=" ">
    <subfield code="a">2010 ye sheng dong wu bao yu yi xue guo ji yan tao hui lun wen ji, Mingou 99 2010:</subfield>
    <subfield code="b">t.p. (裴家騏 = Pei Jiaqi)</subfield>
  </datafield>
</record>